@article{deutsch1994,
    author = {Peter Deutsch},
    title = {The Eight Fallacies of Distributed Computing},
    journal = {Oracle Blogs},
    year = {1994},
}
@misc{arnon,
    author = {Arnon Rotem-Gal-Oz},
    title = {Fallacies of Distributed Computing Explained},
}
